@article{onsager1944crystal,
  title={Crystal statistics. I. A two-dimensional model with an order-disorder transition},
  author={Onsager, Lars},
  journal={Physical Review},
  volume={65},
  number={3-4},
  pages={117},
  year={1944},
  publisher={APS}
}

@article{lenz1920beitrage,
  title={Beitrage zum Verstandnis der magnetischen Eigenschaften in festen Korpern},
  author={Lenz, W},
  journal={Physikalische Zeitschrift},
  volume={21},
  pages={613--615},
  year={1920}
}

@incollection{geman1987stochastic,
  title={Stochastic relaxation, Gibbs distributions, and the Bayesian restoration of images},
  author={Geman, Stuart and Geman, Donald},
  booktitle={Readings in computer vision},
  pages={564--584},
  year={1987},
  publisher={Elsevier}
}

@article{levada2009pseudo,
  title={Pseudo-likelihood equations for Potts model on higher-order neighborhood systems: A quantitative approach for parameter estimation in image analysis},
  author={Levada, Alexandre LM and Mascarenhas, Nelson DA and Tann{\'u}s, Alberto and others},
  journal={Brazilian Journal of Probability and Statistics},
  volume={23},
  number={2},
  pages={120--140},
  year={2009},
  publisher={Brazilian Statistical Association}
}